2825 4867
255 637 268 770 s
279 645 473 771 Notautem
487 694 527 770 ad
546 693 674 796 regulas
684 697 839 794 potius&
851 641 1022 792 camionerl
1099 623 1136 693 's

255 825 305 888 tas,
325 824 422 901 quam
446 795 632 885 definimus,
656 791 758 876 satine
774 794 1012 898 progredimur»
1090 811 1101 832 ‘

255 898 295 973 lae
303 898 502 1000 potiffunum
516 893 704 1018 sequentes,:·
714 891 800 999 quafi
810 920 871 995 per
884 894 1013 1017 lancem

255 997 542 1188 ttssll‘jlsslla
556 992 1015 1181 dldllmldsffll'

1126 776 1131 808 l

264 1197 491 1302 Philosophus,
503 1225 540 1273 ac
555 1196 727 1298 prasertim
741 1189 927 1272 dot‘l'rinnm
940 1225 1014 1272 mo·
1127 1259 1130 1274 .

255 1300 339 1389 llere,
354 1324 389 1374 ut
404 1300 573 1376 &iudicio
586 1295 711 1400 pollere
726 1295 819 1400 atque
831 1298 1011 1396 prudentia.

262 1409 363 1475 animi
380 1400 668 1502 perturbationibus
681 1399 826 1486 ducatur,
841 1397 896 1474 sed
916 1395 1012 1481 rne'ro

255 1501 321 1579 udi
343 1502 424 1576 alios
446 1501 551 1575 lludio
576 1501 722 1583 excellat,
793 1498 873 1572 Inde
894 1498 1014 1575 lateant
1103 1530 1109 1558 t

255 1632 276 1691 e,
289 1610 365 1676 vitia
377 1603 557 1690 rideantur3
578 1602 761 1703 eademque
775 1626 846 1673 uon
858 1627 1013 1701 appeten·

258 1729 343 1792 vera,
358 1731 429 1776 nou
441 1726 570 1791 naturae,
583 1699 637 1775 sed
651 1728 793 1774 morum·
817 1703 866 1773 Ea
885 1700 1013 1800 praeser-
1028 1757 1031 1764 ·

255 1831 271 1875 o
290 1810 462 1901 pertinent,
486 1832 565 1905 quac,
584 1800 762 1875 stoliditatis
781 1820 875 1904 atque
890 1808 1019 1904 impru··
1099 1881 1107 1906 χ

262 1904 471 1992 documenta,
492 1902 643 1990 ridiculos
673 1900 813 1976 reddunt
847 1907 1010 1978 ho'ntinet.
1121 1977 1124 1989 ,

255 2025 316 2075 rtur
329 2013 437 2103 potius
449 2003 610 2078 eiusmodi
616 2011 800 2106 utinquam
813 2010 1011 2094 minuantur,

256 2124 351 2177 entur
370 2132 532 2207 unquam3
569 2103 629 2179 nifi
643 2103 750 2205 pudor
769 2123 806 2178 'ac
819 2103 1011 2180 verecundie

255 2257 265 2273 .
288 2208 403 2278 Mores
419 2233 491 2278 non
506 2228 573 2280 tam
589 2212 779 2307 generatim,
793 2232 891 2309 quam
903 2205 1013 2307 fingu·
1038 2252 1041 2260 ·
1111 2195 1136 2266 ι’
1153 2233 1155 2242 ·

257 2326 410 2394 nontam
423 2314 588 2408 praeteriti,
603 2335 702 2408 quatu
709 2304 828 2394 nostri,
844 2314 1011 2408 temporis,

255 2424 355 2479 entur.
395 2412 486 2499 loeus
506 2402 599 2498 salsas
615 2414 771 2507 praecipua
784 2404 882 2489 satiri
896 2407 1013 2498 uoslrra
1134 2425 1141 2436 '

256 2504 295 2590 ll,
347 2511 452 2614 Atque
468 2506 499 2579 id
520 2516 648 2581 merito.
683 2507 807 2606 Quodst
827 2520 916 2583 enim
933 2506 1013 2582 tidi-

254 2613 297 2677 tia
317 2615 542 2707 proponimus,
571 2607 687 2694 locum
703 2614 844 2681 maxime
863 2629 1013 2688 tenerum

255 2734 305 2793 us,
326 2706 470 2808 adeoque
485 2704 610 2782 sensum
624 2706 777 2782 facillime
794 2737 831 2783 ae
846 2710 1013 2784 eelerrime

255 2833 309 2879 tus.
387 2811 493 2909 Nique
515 2806 575 2881 seri
596 2817 737 2882 omnino
757 2807 877 2883 suerint
897 2809 1013 2899 uitiosi,

255 2933 299 2980 uu
314 2912 356 2979 ita
369 2911 445 2982 atti
465 2916 498 2982 dt
520 2905 670 2983 nauseam
690 2905 926 2984 consuetudinis
944 2906 1015 2983 sen·
1041 2996 1043 3000 y
1119 2958 1122 2970 ·

255 3033 301 3078 uae
318 3009 460 3085 melioris
473 3029 557 3081 uotae
570 3013 746 3084 hominum
762 3007 852 3084 risui
866 3017 1011 3111 exponit.

255 3131 263 3179 ;
283 3115 458 3181 acrimonia
471 3107 647 3212 usurpetur,
662 3116 696 3184 dt
711 3111 836 3185 libertas
854 3119 889 3183 in
902 3131 1014 3184 taxati·
1114 3113 1116 3118 ’

258 3208 414 3283 eruendus
439 3231 547 3286 tamen
571 3217 605 3282 in
630 3208 793 3285 dicacitate
814 3212 931 3286 modus
954 3211 1016 3299 esl,

255 3336 291 3380 tac
305 3308 479 3383 videamur.
518 3310 709 3386 Cavendum
724 3319 849 3411 pariter,
863 3338 917 3400 ne,
928 3310 1012 3392 dunt

255 3437 342 3481 amus
365 3418 451 3499 vitia,
471 3409 653 3491 doceamur.
727 3412 823 3486 Stilus
842 3410 880 3486 fit
901 3410 1012 3492 ordini
1057 3485 1060 3490 .

255 3564 262 3592 ‚
287 3516 322 3581 ὅ(
352 3509 392 3584 ad
417 3512 661 3600 „convincendos
685 3515 838 3588 homines
862 3509 1009 3597 idoneus.

255 3619 338 3682 lanus
359 3639 499 3714 quoque,
523 3640 583 3686 nec
598 3610 680 3696 adeo
695 3611 872 3715 exquisitus,
920 3615 1011 3689 Hinc

255 3706 311 3783 sant
326 3707 500 3815 perspicua,
524 3741 568 3790 ne
580 3708 764 3813 fatigentur
780 3712 931 3808 ledloter,
956 3712 1011 3788 sed

255 3803 384 3890 ruti.
483 3804 489 3826 ’
631 3817 697 3891 Aa
923 3813 1011 3892 dele·
